% 
% Bib files are VERY PICKY about syntax, more so than python
% Don't mix your Ps and Qs or commas and brackets.
% 
% Check your line endings end in a comma,
%
% Always separate AUTHORs by "and"
% AUTHOR1 and AUTHOR2 and AUTHOR3 and AUTHOR4 and ..... and AUTHORX
% where AUTHORX is   Lastname, Firstname   or   Firstname Lastname
% Put ALL the authors, not et al. 
%
% When you get arbitrary downloads ALWAYS check the copyright, and ask or inform
% the institution/author if this is required. Citing is not enough, some
% material may not be used. 
%
% For web published items, because they can change, put YEAR = "Accessed in April 2012",
% and if the item has a publish date, put that in the HOWPUBLISHED field after
% the institutions's name, (then publish date, then \url{}).
% Always find the original URL, not some Google Docs upload where you saved it
%
% Never put %comments in the middle of a bibtex file; they cause problems
% too often.
%
% Remove the .bbl, .blg, .aux, ,.out files if your bibtex gets stuck 
% on errors (some non-ascii characters can cause this) and rerun in
% a terminal if texmaker does not tell you what the problem is.
%


@article{steane1998quantum,
  title={Quantum computing},
  author={Steane, Andrew},
  journal={Reports on Progress in Physics},
  volume={61},
  number={2},
  pages={117},
  year={1998},
  publisher={IOP Publishing}
}
@inproceedings{bremner2010classical,
  title={Classical simulation of commuting quantum computations implies collapse of the polynomial hierarchy},
  author={Bremner, Michael J and Jozsa, Richard and Shepherd, Dan J},
  booktitle={Proceedings of the Royal Society of London A: Mathematical, Physical and Engineering Sciences},
  year={2010},
  organization={The Royal Society}
}
@article{hayes2008cloud,
  title={Cloud computing},
  author={Hayes, Brian},
  journal={Communications of the ACM},
  volume={51},
  number={7},
  pages={9--11},
  year={2008},
  publisher={ACM}
}
@book{miller2008cloud,
  title={Cloud computing: Web-based applications that change the way you work and collaborate online},
  author={Miller, Michael},
  year={2008},
  publisher={Que publishing}
}
@article{subashini2011survey,
  title={A survey on security issues in service delivery models of cloud computing},
  author={Subashini, Subashini and Kavitha, Veeraruna},
  journal={Journal of network and computer applications},
  volume={34},
  number={1},
  pages={1--11},
  year={2011},
  publisher={Elsevier}
}
@misc{Joe,
 author={Joe Fitzsimons},
 title={Blind Quantum Computing and Fully Homomorphic Encryption},
 note={Stackexchange},
 address={https://crypto.stackexchange.com/questions/5813/blind-quantum-computing-and-fully-homomorphic-encryption},
 year={2012}
}
@misc{Craig,
 author={Craig Stuntz},
 title={What is Homomorphic Encryption, and Why Should {I} Care?},
 note={Blog},
 address={https://community.embarcadero.com/blogs/entry/what-is-homomorphic-encryption-and-why-should-i-care-38566},
 year={2010}
}
@article{huang2017experimental,
  title={Experimental blind quantum computing for a classical client},
  author={Huang, He-Liang and Zhao, Qi and Ma, Xiongfeng and Liu, Chang and Su, Zu-En and Wang, Xi-Lin and Li, Li and Liu, Nai-Le and Sanders, Barry C and Lu, Chao-Yang and others},
  journal={Physical review letters},
  volume={119},
  number={5},
  year={2017},
  publisher={APS}
}
@article{barz2012demonstration,
  title={Demonstration of blind quantum computing},
  author={Barz, Stefanie and Kashefi, Elham and Broadbent, Anne and Fitzsimons, Joseph F and Zeilinger, Anton and Walther, Philip},
  journal={Science},
  volume={335},
  number={6066},
  pages={303--308},
  year={2012},
  publisher={American Association for the Advancement of Science}
}
@article{tan2016quantum,
  title={A quantum approach to homomorphic encryption},
  author={Tan, Si-Hui and Kettlewell, Joshua A and Ouyang, Yingkai and Chen, Lin and Fitzsimons, Joseph F},
  journal={Scientific reports},
  volume={6},
  year={2016},
  publisher={Nature Publishing Group}
}
@book{gentry2009fully,
  title={A fully homomorphic encryption scheme},
  author={Gentry, Craig},
  year={2009},
  publisher={Stanford University}
}
@inproceedings{broadbent2015quantum,
  title={Quantum homomorphic encryption for circuits of low {T}-gate complexity},
  author={Broadbent, Anne and Jeffery, Stacey},
  booktitle={Annual Cryptology Conference},
  pages={609--629},
  year={2015},
  organization={Springer}
}
@article{tillmann2015generalized,
  title={Generalized multiphoton quantum interference},
  author={Tillmann, Max and Tan, Si-Hui and Stoeckl, Sarah E and Sanders, Barry C and de Guise, Hubert and Heilmann, Ren{\'e} and Nolte, Stefan and Szameit, Alexander and Walther, Philip},
  journal={Physical Review X},
  volume={5},
  number={4},
  year={2015},
  publisher={APS}
}
@article{fitzsimons2007quantum,
  title={Quantum information processing with delocalized qubits under global control},
  author={Fitzsimons, Joseph and Xiao, Li and Benjamin, Simon C and Jones, Jonathan A},
  journal={Physical review letters},
  volume={99},
  number={3},
  year={2007},
  publisher={APS}
}
@article{fitzsimons2017private,
  title={Private quantum computation: {A}n introduction to blind quantum computing and related protocols},
  author={Fitzsimons, Joseph F},
  journal={npj Quantum Information},
  volume={3},
  number={1},
  pages={23},
  year={2017},
  publisher={Nature Publishing Group}
}
@article{ouyang2015quantum,
  title={Quantum homomorphic encryption from quantum codes},
  author={Ouyang, Yingkai and Tan, Si-Hui and Fitzsimons, Joseph},
  journal={arXiv preprint arXiv:1508.00938},
  year={2015}
}
@inproceedings{broadbent2009universal,
  title={Universal blind quantum computation},
  author={Broadbent, Anne and Fitzsimons, Joseph and Kashefi, Elham},
  booktitle={Foundations of Computer Science, 2009. FOCS'09. 50th Annual IEEE Symposium on},
  pages={517--526},
  year={2009},
  organization={IEEE}
}
@phdthesis{yang2013evaluation,
  title={Evaluation of somewhat homomorphic encryption schemes},
  author={Yang, Yang and others},
  year={2013},
  school={Massachusetts Institute of Technology}
}
@phdthesis{metzgar2017rsa,
  title={RSA Cryptosystem: An Analysis and Python Simulator},
  author={Metzgar, Cescily Nicole},
  year={2017},
  school={Appalachian State University}
}
@article{canetti2011two,
  title={Two 1-Round Protocols for Delegation of Computation.},
  author={Canetti, Ran and Riva, Ben and Rothblum, Guy N},
  journal={IACR Cryptology ePrint Archive},
  volume={2011},
  year={2011},
  publisher={Citeseer}
}
@inproceedings{canetti2011practical,
  title={Practical delegation of computation using multiple servers},
  author={Canetti, Ran and Riva, Ben and Rothblum, Guy N},
  booktitle={Proceedings of the 18th ACM conference on Computer and communications security},
  pages={445--454},
  year={2011},
  organization={ACM}
}

@article{ogburn2013homomorphic,
  title={Homomorphic encryption},
  author={Ogburn, Monique and Turner, Claude and Dahal, Pushkar},
  journal={Procedia Computer Science},
  volume={20},
  pages={502--509},
  year={2013},
  publisher={Elsevier}
}
@inproceedings{yokoo2002secure,
  title={Secure multi-agent dynamic programming based on homomorphic encryption and its application to combinatorial auctions},
  author={Yokoo, Makoto and Suzuki, Koutarou},
  booktitle={Proceedings of the first international joint conference on Autonomous agents and multiagent systems: part 1},
  pages={112--119},
  year={2002},
  organization={ACM}
}
@book{pfleeger2002security,
  title={Security in computing},
  author={Pfleeger, Charles P and Pfleeger, Shari Lawrence},
  year={2002},
  publisher={Prentice Hall Professional Technical Reference}
}
@article{unruh1995maintaining,
  title={Maintaining coherence in quantum computers},
  author={Unruh, William G},
  journal={Physical Review A},
  volume={51},
  number={2},
  pages={992},
  year={1995},
  publisher={APS}
}
@article{kassal2011simulating,
  title={Simulating chemistry using quantum computers},
  author={Kassal, Ivan and Whitfield, James D and Perdomo-Ortiz, Alejandro and Yung, Man-Hong and Aspuru-Guzik, Al{\'a}n},
  journal={Annual review of physical chemistry},
  volume={62},
  pages={185--207},
  year={2011},
  publisher={Annual Reviews}
}
@article{nielsen2000quantum,
  title={Quantum computation},
  author={Nielsen, Michael A and Chuang, IL},
  journal={Quantum Information. Cambridge University Press, Cambridge},
  year={2000}
}
@article{archerapplications,
  title={APPLICATIONS OF HOMOMORPHIC ENCRYPTION},
  author={Archer, David and Chen, Lily and Cheon, Jung Hee and Gilad-Bachrach, Ran and Hallman, Roger A and Huang, Zhicong and Jiang, Xiaoqian and Kumaresan, Ranjit and Malin, Bradley A and Sofia, Heidi and others},
year ={2017}  
}
@inproceedings{naehrig2011can,
  title={Can homomorphic encryption be practical?},
  author={Naehrig, Michael and Lauter, Kristin and Vaikuntanathan, Vinod},
  booktitle={Proceedings of the 3rd ACM workshop on Cloud computing security workshop},
  pages={113--124},
  year={2011},
  organization={ACM}
}
@article{meissen2012mathematical,
  title={A Mathematical Approach to Fully Homomorphic Encryption},
  author={Meissen, Rebecca},
  journal={A Major Qualifying Project Report Submitted to The Faculty of the Worcester Polytechnic Institute},
  year={2012}
}